ISA*00*          *00*          *ZZ*SENDERID      *ZZ*RECEIVERID    *240101*1253*^*00501*000000905*1*T*:~
GS*HP*SENDERID*RECEIVERID*20240101*1253*1*X*005010X221A1~
ST*835*0001~
BPR*I*125000*C*CHK************20240101~
TRN*1*12345*67890~
REF*EV*123456~
DTM*405*20240101~
N1*PR*INSURANCE PAYER~
N1*PE*PROVIDER NAME~
CLP*CLAIM001*1*575*345*230*MC*0987650001*11*1~
NM1*QC*1*DOE*JOHN****MI*100000001~
DTM*232*20231202~
SVC*HC:11102*287*172~
CAS*CO*45*115~
DTM*472*20231202~
SVC*HC:17000*297*207~
CAS*CO*97*90~
DTM*472*20231203~
CLP*CLAIM002*1*650*422*228*MC*0987650002*11*1~
NM1*QC*1*SMITH*JANE****MI*100000002~
DTM*232*20231203~
SVC*HC:17000*325*227~
CAS*CO*97*98~
DTM*472*20231203~
SVC*HC:17110*335*268~
CAS*CO*16*67~
DTM*472*20231204~
CLP*CLAIM003*1*725*507*218*MC*0987650003*11*1~
NM1*QC*1*JOHNSON*ALEX****MI*100000003~
DTM*232*20231204~
SVC*HC:17110*362*289~
CAS*CO*16*73~
DTM*472*20231204~
SVC*HC:17311*372*186~
CAS*PR*1*176~
DTM*472*20231205~
CLP*CLAIM004*1*700*525*175*MC*0987650004*11*1~
NM1*QC*1*LEE*MAYA****MI*100000004~
DTM*232*20231205~
SVC*HC:17311*350*175~
CAS*PR*1*165~
DTM*472*20231205~
SVC*HC:12032*360*216~
CAS*CO*45*144~
DTM*472*20231206~
CLP*CLAIM005*1*775*426*349*MC*0987650005*11*1~
NM1*QC*1*PATEL*NOAH****MI*100000005~
DTM*232*20231206~
SVC*HC:12032*387*232~
CAS*CO*45*155~
DTM*472*20231206~
SVC*HC:99213*397*277~
CAS*CO*97*120~
DTM*472*20231207~
CLP*CLAIM006*1*850*510*340*MC*0987650006*11*1~
NM1*QC*1*BROWN*EMMA****MI*100000006~
DTM*232*20231207~
SVC*HC:99213*425*297~
CAS*CO*97*128~
DTM*472*20231207~
SVC*HC:11402*435*348~
CAS*CO*16*87~
DTM*472*20231208~
CLP*CLAIM007*1*925*601*324*MC*0987650007*11*1~
NM1*QC*1*DAVIS*LIAM****MI*100000007~
DTM*232*20231208~
SVC*HC:11402*462*369~
CAS*CO*16*93~
DTM*472*20231208~
SVC*HC:88305*472*236~
CAS*PR*1*226~
DTM*472*20231209~
CLP*CLAIM008*1*900*630*270*MC*0987650008*11*1~
NM1*QC*1*MARTIN*OLIVIA****MI*100000008~
DTM*232*20231209~
SVC*HC:88305*450*225~
CAS*PR*1*215~
DTM*472*20231209~
SVC*HC:11102*460*276~
CAS*CO*45*184~
DTM*472*20231210~
CLP*CLAIM009*1*525*393*132*MC*0987650009*11*1~
NM1*QC*1*WILSON*ETHAN****MI*100000009~
DTM*232*20231210~
SVC*HC:11102*262*157~
CAS*CO*45*105~
DTM*472*20231210~
SVC*HC:17000*272*190~
CAS*CO*97*82~
DTM*472*20231211~
CLP*CLAIM010*1*600*330*270*MC*0987650010*11*1~
NM1*QC*1*THOMAS*AVA****MI*100000010~
DTM*232*20231211~
SVC*HC:17000*300*210~
CAS*CO*97*90~
DTM*472*20231211~
SVC*HC:17110*310*248~
CAS*CO*16*62~
DTM*472*20231212~
CLP*CLAIM011*1*675*405*270*MC*0987650011*11*1~
NM1*QC*1*DOE*JOHN****MI*100000011~
DTM*232*20231212~
SVC*HC:17110*337*269~
CAS*CO*16*68~
DTM*472*20231212~
SVC*HC:17311*347*173~
CAS*PR*1*164~
DTM*472*20231213~
CLP*CLAIM012*1*650*422*228*MC*0987650012*11*1~
NM1*QC*1*SMITH*JANE****MI*100000012~
DTM*232*20231213~
SVC*HC:17311*325*162~
CAS*PR*1*153~
DTM*472*20231213~
SVC*HC:12032*335*201~
CAS*CO*45*134~
DTM*472*20231214~
CLP*CLAIM013*1*725*507*218*MC*0987650013*11*1~
NM1*QC*1*JOHNSON*ALEX****MI*100000013~
DTM*232*20231214~
SVC*HC:12032*362*217~
CAS*CO*45*145~
DTM*472*20231214~
SVC*HC:99213*372*260~
CAS*CO*97*112~
DTM*472*20231215~
CLP*CLAIM014*1*800*600*200*MC*0987650014*11*1~
NM1*QC*1*LEE*MAYA****MI*100000014~
DTM*232*20231215~
SVC*HC:99213*400*280~
CAS*CO*97*120~
DTM*472*20231215~
SVC*HC:11402*410*328~
CAS*CO*16*82~
DTM*472*20231216~
CLP*CLAIM015*1*875*481*394*MC*0987650015*11*1~
NM1*QC*1*PATEL*NOAH****MI*100000015~
DTM*232*20231216~
SVC*HC:11402*437*349~
CAS*CO*16*88~
DTM*472*20231216~
SVC*HC:88305*447*223~
CAS*PR*1*214~
DTM*472*20231217~
CLP*CLAIM016*1*850*510*340*MC*0987650016*11*1~
NM1*QC*1*BROWN*EMMA****MI*100000016~
DTM*232*20231217~
SVC*HC:88305*425*212~
CAS*PR*1*203~
DTM*472*20231217~
SVC*HC:11102*435*261~
CAS*CO*45*174~
DTM*472*20231218~
CLP*CLAIM017*1*925*601*324*MC*0987650017*11*1~
NM1*QC*1*DAVIS*LIAM****MI*100000017~
DTM*232*20231218~
SVC*HC:11102*462*277~
CAS*CO*45*185~
DTM*472*20231218~
SVC*HC:17000*472*330~
CAS*CO*97*142~
DTM*472*20231219~
CLP*CLAIM018*1*550*385*165*MC*0987650018*11*1~
NM1*QC*1*MARTIN*OLIVIA****MI*100000018~
DTM*232*20231219~
SVC*HC:17000*275*192~
CAS*CO*97*83~
DTM*472*20231219~
SVC*HC:17110*285*228~
CAS*CO*16*57~
DTM*472*20231220~
CLP*CLAIM019*1*625*468*157*MC*0987650019*11*1~
NM1*QC*1*WILSON*ETHAN****MI*100000019~
DTM*232*20231220~
SVC*HC:17110*312*249~
CAS*CO*16*63~
DTM*472*20231220~
SVC*HC:17311*322*161~
CAS*PR*1*151~
DTM*472*20231221~
CLP*CLAIM020*1*600*330*270*MC*0987650020*11*1~
NM1*QC*1*THOMAS*AVA****MI*100000020~
DTM*232*20231221~
SVC*HC:17311*300*150~
CAS*PR*1*140~
DTM*472*20231221~
SVC*HC:12032*310*186~
CAS*CO*45*124~
DTM*472*20231222~
CLP*CLAIM021*1*675*405*270*MC*0987650021*11*1~
NM1*QC*1*DOE*JOHN****MI*100000021~
DTM*232*20231222~
SVC*HC:12032*337*202~
CAS*CO*45*135~
DTM*472*20231222~
SVC*HC:99213*347*242~
CAS*CO*97*105~
DTM*472*20231223~
CLP*CLAIM022*1*750*487*263*MC*0987650022*11*1~
NM1*QC*1*SMITH*JANE****MI*100000022~
DTM*232*20231223~
SVC*HC:99213*375*262~
CAS*CO*97*113~
DTM*472*20231223~
SVC*HC:11402*385*308~
CAS*CO*16*77~
DTM*472*20231224~
CLP*CLAIM023*1*825*577*248*MC*0987650023*11*1~
NM1*QC*1*JOHNSON*ALEX****MI*100000023~
DTM*232*20231224~
SVC*HC:11402*412*329~
CAS*CO*16*83~
DTM*472*20231224~
SVC*HC:88305*422*211~
CAS*PR*1*201~
DTM*472*20231225~
CLP*CLAIM024*1*800*600*200*MC*0987650024*11*1~
NM1*QC*1*LEE*MAYA****MI*100000024~
DTM*232*20231225~
SVC*HC:88305*400*200~
CAS*PR*1*190~
DTM*472*20231225~
SVC*HC:11102*410*246~
CAS*CO*45*164~
DTM*472*20231226~
CLP*CLAIM025*1*875*481*394*MC*0987650025*11*1~
NM1*QC*1*PATEL*NOAH****MI*100000025~
DTM*232*20231226~
SVC*HC:11102*437*262~
CAS*CO*45*175~
DTM*472*20231226~
SVC*HC:17000*447*312~
CAS*CO*97*135~
DTM*472*20231227~
CLP*CLAIM026*1*950*570*380*MC*0987650026*11*1~
NM1*QC*1*BROWN*EMMA****MI*100000026~
DTM*232*20231227~
SVC*HC:17000*475*332~
CAS*CO*97*143~
DTM*472*20231227~
SVC*HC:17110*485*388~
CAS*CO*16*97~
DTM*472*20231228~
CLP*CLAIM027*1*575*373*202*MC*0987650027*11*1~
NM1*QC*1*DAVIS*LIAM****MI*100000027~
DTM*232*20231228~
SVC*HC:17110*287*229~
CAS*CO*16*58~
DTM*472*20231228~
SVC*HC:17311*297*148~
CAS*PR*1*139~
DTM*472*20231201~
CLP*CLAIM028*1*550*385*165*MC*0987650028*11*1~
NM1*QC*1*MARTIN*OLIVIA****MI*100000028~
DTM*232*20231201~
SVC*HC:17311*275*137~
CAS*PR*1*128~
DTM*472*20231201~
SVC*HC:12032*285*171~
CAS*CO*45*114~
DTM*472*20231202~
CLP*CLAIM029*1*625*468*157*MC*0987650029*11*1~
NM1*QC*1*WILSON*ETHAN****MI*100000029~
DTM*232*20231202~
SVC*HC:12032*312*187~
CAS*CO*45*125~
DTM*472*20231202~
SVC*HC:99213*322*225~
CAS*CO*97*97~
DTM*472*20231203~
CLP*CLAIM030*1*700*385*315*MC*0987650030*11*1~
NM1*QC*1*THOMAS*AVA****MI*100000030~
DTM*232*20231203~
SVC*HC:99213*350*244~
CAS*CO*97*106~
DTM*472*20231203~
SVC*HC:11402*360*288~
CAS*CO*16*72~
DTM*472*20231204~
CLP*CLAIM031*1*775*465*310*MC*0987650031*11*1~
NM1*QC*1*DOE*JOHN****MI*100000031~
DTM*232*20231204~
SVC*HC:11402*387*309~
CAS*CO*16*78~
DTM*472*20231204~
SVC*HC:88305*397*198~
CAS*PR*1*189~
DTM*472*20231205~
CLP*CLAIM032*1*750*487*263*MC*0987650032*11*1~
NM1*QC*1*SMITH*JANE****MI*100000032~
DTM*232*20231205~
SVC*HC:88305*375*187~
CAS*PR*1*178~
DTM*472*20231205~
SVC*HC:11102*385*231~
CAS*CO*45*154~
DTM*472*20231206~
CLP*CLAIM033*1*825*577*248*MC*0987650033*11*1~
NM1*QC*1*JOHNSON*ALEX****MI*100000033~
DTM*232*20231206~
SVC*HC:11102*412*247~
CAS*CO*45*165~
DTM*472*20231206~
SVC*HC:17000*422*295~
CAS*CO*97*127~
DTM*472*20231207~
CLP*CLAIM034*1*900*675*225*MC*0987650034*11*1~
NM1*QC*1*LEE*MAYA****MI*100000034~
DTM*232*20231207~
SVC*HC:17000*450*315~
CAS*CO*97*135~
DTM*472*20231207~
SVC*HC:17110*460*368~
CAS*CO*16*92~
DTM*472*20231208~
CLP*CLAIM035*1*975*536*439*MC*0987650035*11*1~
NM1*QC*1*PATEL*NOAH****MI*100000035~
DTM*232*20231208~
SVC*HC:17110*487*389~
CAS*CO*16*98~
DTM*472*20231208~
SVC*HC:17311*497*248~
CAS*PR*1*239~
DTM*472*20231209~
CLP*CLAIM036*1*500*300*200*MC*0987650036*11*1~
NM1*QC*1*BROWN*EMMA****MI*100000036~
DTM*232*20231209~
SVC*HC:17311*250*125~
CAS*PR*1*115~
DTM*472*20231209~
SVC*HC:12032*260*156~
CAS*CO*45*104~
DTM*472*20231210~
CLP*CLAIM037*1*575*373*202*MC*0987650037*11*1~
NM1*QC*1*DAVIS*LIAM****MI*100000037~
DTM*232*20231210~
SVC*HC:12032*287*172~
CAS*CO*45*115~
DTM*472*20231210~
SVC*HC:99213*297*207~
CAS*CO*97*90~
DTM*472*20231211~
CLP*CLAIM038*1*650*455*195*MC*0987650038*11*1~
NM1*QC*1*MARTIN*OLIVIA****MI*100000038~
DTM*232*20231211~
SVC*HC:99213*325*227~
CAS*CO*97*98~
DTM*472*20231211~
SVC*HC:11402*335*268~
CAS*CO*16*67~
DTM*472*20231212~
CLP*CLAIM039*1*725*543*182*MC*0987650039*11*1~
NM1*QC*1*WILSON*ETHAN****MI*100000039~
DTM*232*20231212~
SVC*HC:11402*362*289~
CAS*CO*16*73~
DTM*472*20231212~
SVC*HC:88305*372*186~
CAS*PR*1*176~
DTM*472*20231213~
CLP*CLAIM040*1*700*385*315*MC*0987650040*11*1~
NM1*QC*1*THOMAS*AVA****MI*100000040~
DTM*232*20231213~
SVC*HC:88305*350*175~
CAS*PR*1*165~
DTM*472*20231213~
SVC*HC:11102*360*216~
CAS*CO*45*144~
DTM*472*20231214~
CLP*CLAIM041*1*775*465*310*MC*0987650041*11*1~
NM1*QC*1*DOE*JOHN****MI*100000041~
DTM*232*20231214~
SVC*HC:11102*387*232~
CAS*CO*45*155~
DTM*472*20231214~
SVC*HC:17000*397*277~
CAS*CO*97*120~
DTM*472*20231215~
CLP*CLAIM042*1*850*552*298*MC*0987650042*11*1~
NM1*QC*1*SMITH*JANE****MI*100000042~
DTM*232*20231215~
SVC*HC:17000*425*297~
CAS*CO*97*128~
DTM*472*20231215~
SVC*HC:17110*435*348~
CAS*CO*16*87~
DTM*472*20231216~
CLP*CLAIM043*1*925*647*278*MC*0987650043*11*1~
NM1*QC*1*JOHNSON*ALEX****MI*100000043~
DTM*232*20231216~
SVC*HC:17110*462*369~
CAS*CO*16*93~
DTM*472*20231216~
SVC*HC:17311*472*236~
CAS*PR*1*226~
DTM*472*20231217~
CLP*CLAIM044*1*900*675*225*MC*0987650044*11*1~
NM1*QC*1*LEE*MAYA****MI*100000044~
DTM*232*20231217~
SVC*HC:17311*450*225~
CAS*PR*1*215~
DTM*472*20231217~
SVC*HC:12032*460*276~
CAS*CO*45*184~
DTM*472*20231218~
CLP*CLAIM045*1*525*288*237*MC*0987650045*11*1~
NM1*QC*1*PATEL*NOAH****MI*100000045~
DTM*232*20231218~
SVC*HC:12032*262*157~
CAS*CO*45*105~
DTM*472*20231218~
SVC*HC:99213*272*190~
CAS*CO*97*82~
DTM*472*20231219~
CLP*CLAIM046*1*600*360*240*MC*0987650046*11*1~
NM1*QC*1*BROWN*EMMA****MI*100000046~
DTM*232*20231219~
SVC*HC:99213*300*210~
CAS*CO*97*90~
DTM*472*20231219~
SVC*HC:11402*310*248~
CAS*CO*16*62~
DTM*472*20231220~
CLP*CLAIM047*1*675*438*237*MC*0987650047*11*1~
NM1*QC*1*DAVIS*LIAM****MI*100000047~
DTM*232*20231220~
SVC*HC:11402*337*269~
CAS*CO*16*68~
DTM*472*20231220~
SVC*HC:88305*347*173~
CAS*PR*1*164~
DTM*472*20231221~
CLP*CLAIM048*1*650*455*195*MC*0987650048*11*1~
NM1*QC*1*MARTIN*OLIVIA****MI*100000048~
DTM*232*20231221~
SVC*HC:88305*325*162~
CAS*PR*1*153~
DTM*472*20231221~
SVC*HC:11102*335*201~
CAS*CO*45*134~
DTM*472*20231222~
CLP*CLAIM049*1*725*543*182*MC*0987650049*11*1~
NM1*QC*1*WILSON*ETHAN****MI*100000049~
DTM*232*20231222~
SVC*HC:11102*362*217~
CAS*CO*45*145~
DTM*472*20231222~
SVC*HC:17000*372*260~
CAS*CO*97*112~
DTM*472*20231223~
CLP*CLAIM050*1*800*440*360*MC*0987650050*11*1~
NM1*QC*1*THOMAS*AVA****MI*100000050~
DTM*232*20231223~
SVC*HC:17000*400*280~
CAS*CO*97*120~
DTM*472*20231223~
SVC*HC:17110*410*328~
CAS*CO*16*82~
DTM*472*20231224~
CLP*CLAIM051*1*875*525*350*MC*0987650051*11*1~
NM1*QC*1*DOE*JOHN****MI*100000051~
DTM*232*20231224~
SVC*HC:17110*437*349~
CAS*CO*16*88~
DTM*472*20231224~
SVC*HC:17311*447*223~
CAS*PR*1*214~
DTM*472*20231225~
CLP*CLAIM052*1*850*552*298*MC*0987650052*11*1~
NM1*QC*1*SMITH*JANE****MI*100000052~
DTM*232*20231225~
SVC*HC:17311*425*212~
CAS*PR*1*203~
DTM*472*20231225~
SVC*HC:12032*435*261~
CAS*CO*45*174~
DTM*472*20231226~
CLP*CLAIM053*1*925*647*278*MC*0987650053*11*1~
NM1*QC*1*JOHNSON*ALEX****MI*100000053~
DTM*232*20231226~
SVC*HC:12032*462*277~
CAS*CO*45*185~
DTM*472*20231226~
SVC*HC:99213*472*330~
CAS*CO*97*142~
DTM*472*20231227~
CLP*CLAIM054*1*550*412*138*MC*0987650054*11*1~
NM1*QC*1*LEE*MAYA****MI*100000054~
DTM*232*20231227~
SVC*HC:99213*275*192~
CAS*CO*97*83~
DTM*472*20231227~
SVC*HC:11402*285*228~
CAS*CO*16*57~
DTM*472*20231228~
CLP*CLAIM055*1*625*343*282*MC*0987650055*11*1~
NM1*QC*1*PATEL*NOAH****MI*100000055~
DTM*232*20231228~
SVC*HC:11402*312*249~
CAS*CO*16*63~
DTM*472*20231228~
SVC*HC:88305*322*161~
CAS*PR*1*151~
DTM*472*20231201~
CLP*CLAIM056*1*600*360*240*MC*0987650056*11*1~
NM1*QC*1*BROWN*EMMA****MI*100000056~
DTM*232*20231201~
SVC*HC:88305*300*150~
CAS*PR*1*140~
DTM*472*20231201~
SVC*HC:11102*310*186~
CAS*CO*45*124~
DTM*472*20231202~
CLP*CLAIM057*1*675*438*237*MC*0987650057*11*1~
NM1*QC*1*DAVIS*LIAM****MI*100000057~
DTM*232*20231202~
SVC*HC:11102*337*202~
CAS*CO*45*135~
DTM*472*20231202~
SVC*HC:17000*347*242~
CAS*CO*97*105~
DTM*472*20231203~
CLP*CLAIM058*1*750*525*225*MC*0987650058*11*1~
NM1*QC*1*MARTIN*OLIVIA****MI*100000058~
DTM*232*20231203~
SVC*HC:17000*375*262~
CAS*CO*97*113~
DTM*472*20231203~
SVC*HC:17110*385*308~
CAS*CO*16*77~
DTM*472*20231204~
CLP*CLAIM059*1*825*618*207*MC*0987650059*11*1~
NM1*QC*1*WILSON*ETHAN****MI*100000059~
DTM*232*20231204~
SVC*HC:17110*412*329~
CAS*CO*16*83~
DTM*472*20231204~
SVC*HC:17311*422*211~
CAS*PR*1*201~
DTM*472*20231205~
CLP*CLAIM060*1*800*440*360*MC*0987650060*11*1~
NM1*QC*1*THOMAS*AVA****MI*100000060~
DTM*232*20231205~
SVC*HC:17311*400*200~
CAS*PR*1*190~
DTM*472*20231205~
SVC*HC:12032*410*246~
CAS*CO*45*164~
DTM*472*20231206~
CLP*CLAIM061*1*875*525*350*MC*0987650061*11*1~
NM1*QC*1*DOE*JOHN****MI*100000061~
DTM*232*20231206~
SVC*HC:12032*437*262~
CAS*CO*45*175~
DTM*472*20231206~
SVC*HC:99213*447*312~
CAS*CO*97*135~
DTM*472*20231207~
CLP*CLAIM062*1*950*617*333*MC*0987650062*11*1~
NM1*QC*1*SMITH*JANE****MI*100000062~
DTM*232*20231207~
SVC*HC:99213*475*332~
CAS*CO*97*143~
DTM*472*20231207~
SVC*HC:11402*485*388~
CAS*CO*16*97~
DTM*472*20231208~
CLP*CLAIM063*1*575*402*173*MC*0987650063*11*1~
NM1*QC*1*JOHNSON*ALEX****MI*100000063~
DTM*232*20231208~
SVC*HC:11402*287*229~
CAS*CO*16*58~
DTM*472*20231208~
SVC*HC:88305*297*148~
CAS*PR*1*139~
DTM*472*20231209~
CLP*CLAIM064*1*550*412*138*MC*0987650064*11*1~
NM1*QC*1*LEE*MAYA****MI*100000064~
DTM*232*20231209~
SVC*HC:88305*275*137~
CAS*PR*1*128~
DTM*472*20231209~
SVC*HC:11102*285*171~
CAS*CO*45*114~
DTM*472*20231210~
CLP*CLAIM065*1*625*343*282*MC*0987650065*11*1~
NM1*QC*1*PATEL*NOAH****MI*100000065~
DTM*232*20231210~
SVC*HC:11102*312*187~
CAS*CO*45*125~
DTM*472*20231210~
SVC*HC:17000*322*225~
CAS*CO*97*97~
DTM*472*20231211~
CLP*CLAIM066*1*700*420*280*MC*0987650066*11*1~
NM1*QC*1*BROWN*EMMA****MI*100000066~
DTM*232*20231211~
SVC*HC:17000*350*244~
CAS*CO*97*106~
DTM*472*20231211~
SVC*HC:17110*360*288~
CAS*CO*16*72~
DTM*472*20231212~
CLP*CLAIM067*1*775*503*272*MC*0987650067*11*1~
NM1*QC*1*DAVIS*LIAM****MI*100000067~
DTM*232*20231212~
SVC*HC:17110*387*309~
CAS*CO*16*78~
DTM*472*20231212~
SVC*HC:17311*397*198~
CAS*PR*1*189~
DTM*472*20231213~
CLP*CLAIM068*1*750*525*225*MC*0987650068*11*1~
NM1*QC*1*MARTIN*OLIVIA****MI*100000068~
DTM*232*20231213~
SVC*HC:17311*375*187~
CAS*PR*1*178~
DTM*472*20231213~
SVC*HC:12032*385*231~
CAS*CO*45*154~
DTM*472*20231214~
CLP*CLAIM069*1*825*618*207*MC*0987650069*11*1~
NM1*QC*1*WILSON*ETHAN****MI*100000069~
DTM*232*20231214~
SVC*HC:12032*412*247~
CAS*CO*45*165~
DTM*472*20231214~
SVC*HC:99213*422*295~
CAS*CO*97*127~
DTM*472*20231215~
CLP*CLAIM070*1*900*495*405*MC*0987650070*11*1~
NM1*QC*1*THOMAS*AVA****MI*100000070~
DTM*232*20231215~
SVC*HC:99213*450*315~
CAS*CO*97*135~
DTM*472*20231215~
SVC*HC:11402*460*368~
CAS*CO*16*92~
DTM*472*20231216~
CLP*CLAIM071*1*975*585*390*MC*0987650071*11*1~
NM1*QC*1*DOE*JOHN****MI*100000071~
DTM*232*20231216~
SVC*HC:11402*487*389~
CAS*CO*16*98~
DTM*472*20231216~
SVC*HC:88305*497*248~
CAS*PR*1*239~
DTM*472*20231217~
CLP*CLAIM072*1*500*325*175*MC*0987650072*11*1~
NM1*QC*1*SMITH*JANE****MI*100000072~
DTM*232*20231217~
SVC*HC:88305*250*125~
CAS*PR*1*115~
DTM*472*20231217~
SVC*HC:11102*260*156~
CAS*CO*45*104~
DTM*472*20231218~
CLP*CLAIM073*1*575*402*173*MC*0987650073*11*1~
NM1*QC*1*JOHNSON*ALEX****MI*100000073~
DTM*232*20231218~
SVC*HC:11102*287*172~
CAS*CO*45*115~
DTM*472*20231218~
SVC*HC:17000*297*207~
CAS*CO*97*90~
DTM*472*20231219~
CLP*CLAIM074*1*650*487*163*MC*0987650074*11*1~
NM1*QC*1*LEE*MAYA****MI*100000074~
DTM*232*20231219~
SVC*HC:17000*325*227~
CAS*CO*97*98~
DTM*472*20231219~
SVC*HC:17110*335*268~
CAS*CO*16*67~
DTM*472*20231220~
CLP*CLAIM075*1*725*398*327*MC*0987650075*11*1~
NM1*QC*1*PATEL*NOAH****MI*100000075~
DTM*232*20231220~
SVC*HC:17110*362*289~
CAS*CO*16*73~
DTM*472*20231220~
SVC*HC:17311*372*186~
CAS*PR*1*176~
DTM*472*20231221~
CLP*CLAIM076*1*700*420*280*MC*0987650076*11*1~
NM1*QC*1*BROWN*EMMA****MI*100000076~
DTM*232*20231221~
SVC*HC:17311*350*175~
CAS*PR*1*165~
DTM*472*20231221~
SVC*HC:12032*360*216~
CAS*CO*45*144~
DTM*472*20231222~
CLP*CLAIM077*1*775*503*272*MC*0987650077*11*1~
NM1*QC*1*DAVIS*LIAM****MI*100000077~
DTM*232*20231222~
SVC*HC:12032*387*232~
CAS*CO*45*155~
DTM*472*20231222~
SVC*HC:99213*397*277~
CAS*CO*97*120~
DTM*472*20231223~
CLP*CLAIM078*1*850*595*255*MC*0987650078*11*1~
NM1*QC*1*MARTIN*OLIVIA****MI*100000078~
DTM*232*20231223~
SVC*HC:99213*425*297~
CAS*CO*97*128~
DTM*472*20231223~
SVC*HC:11402*435*348~
CAS*CO*16*87~
DTM*472*20231224~
CLP*CLAIM079*1*925*693*232*MC*0987650079*11*1~
NM1*QC*1*WILSON*ETHAN****MI*100000079~
DTM*232*20231224~
SVC*HC:11402*462*369~
CAS*CO*16*93~
DTM*472*20231224~
SVC*HC:88305*472*236~
CAS*PR*1*226~
DTM*472*20231225~
CLP*CLAIM080*1*900*495*405*MC*0987650080*11*1~
NM1*QC*1*THOMAS*AVA****MI*100000080~
DTM*232*20231225~
SVC*HC:88305*450*225~
CAS*PR*1*215~
DTM*472*20231225~
SVC*HC:11102*460*276~
CAS*CO*45*184~
DTM*472*20231226~
CLP*CLAIM081*1*525*315*210*MC*0987650081*11*1~
NM1*QC*1*DOE*JOHN****MI*100000081~
DTM*232*20231226~
SVC*HC:11102*262*157~
CAS*CO*45*105~
DTM*472*20231226~
SVC*HC:17000*272*190~
CAS*CO*97*82~
DTM*472*20231227~
CLP*CLAIM082*1*600*390*210*MC*0987650082*11*1~
NM1*QC*1*SMITH*JANE****MI*100000082~
DTM*232*20231227~
SVC*HC:17000*300*210~
CAS*CO*97*90~
DTM*472*20231227~
SVC*HC:17110*310*248~
CAS*CO*16*62~
DTM*472*20231228~
CLP*CLAIM083*1*675*472*203*MC*0987650083*11*1~
NM1*QC*1*JOHNSON*ALEX****MI*100000083~
DTM*232*20231228~
SVC*HC:17110*337*269~
CAS*CO*16*68~
DTM*472*20231228~
SVC*HC:17311*347*173~
CAS*PR*1*164~
DTM*472*20231201~
CLP*CLAIM084*1*650*487*163*MC*0987650084*11*1~
NM1*QC*1*LEE*MAYA****MI*100000084~
DTM*232*20231201~
SVC*HC:17311*325*162~
CAS*PR*1*153~
DTM*472*20231201~
SVC*HC:12032*335*201~
CAS*CO*45*134~
DTM*472*20231202~
CLP*CLAIM085*1*725*398*327*MC*0987650085*11*1~
NM1*QC*1*PATEL*NOAH****MI*100000085~
DTM*232*20231202~
SVC*HC:12032*362*217~
CAS*CO*45*145~
DTM*472*20231202~
SVC*HC:99213*372*260~
CAS*CO*97*112~
DTM*472*20231203~
CLP*CLAIM086*1*800*480*320*MC*0987650086*11*1~
NM1*QC*1*BROWN*EMMA****MI*100000086~
DTM*232*20231203~
SVC*HC:99213*400*280~
CAS*CO*97*120~
DTM*472*20231203~
SVC*HC:11402*410*328~
CAS*CO*16*82~
DTM*472*20231204~
CLP*CLAIM087*1*875*568*307*MC*0987650087*11*1~
NM1*QC*1*DAVIS*LIAM****MI*100000087~
DTM*232*20231204~
SVC*HC:11402*437*349~
CAS*CO*16*88~
DTM*472*20231204~
SVC*HC:88305*447*223~
CAS*PR*1*214~
DTM*472*20231205~
CLP*CLAIM088*1*850*595*255*MC*0987650088*11*1~
NM1*QC*1*MARTIN*OLIVIA****MI*100000088~
DTM*232*20231205~
SVC*HC:88305*425*212~
CAS*PR*1*203~
DTM*472*20231205~
SVC*HC:11102*435*261~
CAS*CO*45*174~
DTM*472*20231206~
CLP*CLAIM089*1*925*693*232*MC*0987650089*11*1~
NM1*QC*1*WILSON*ETHAN****MI*100000089~
DTM*232*20231206~
SVC*HC:11102*462*277~
CAS*CO*45*185~
DTM*472*20231206~
SVC*HC:17000*472*330~
CAS*CO*97*142~
DTM*472*20231207~
CLP*CLAIM090*1*550*302*248*MC*0987650090*11*1~
NM1*QC*1*THOMAS*AVA****MI*100000090~
DTM*232*20231207~
SVC*HC:17000*275*192~
CAS*CO*97*83~
DTM*472*20231207~
SVC*HC:17110*285*228~
CAS*CO*16*57~
DTM*472*20231208~
CLP*CLAIM091*1*625*375*250*MC*0987650091*11*1~
NM1*QC*1*DOE*JOHN****MI*100000091~
DTM*232*20231208~
SVC*HC:17110*312*249~
CAS*CO*16*63~
DTM*472*20231208~
SVC*HC:17311*322*161~
CAS*PR*1*151~
DTM*472*20231209~
CLP*CLAIM092*1*600*390*210*MC*0987650092*11*1~
NM1*QC*1*SMITH*JANE****MI*100000092~
DTM*232*20231209~
SVC*HC:17311*300*150~
CAS*PR*1*140~
DTM*472*20231209~
SVC*HC:12032*310*186~
CAS*CO*45*124~
DTM*472*20231210~
CLP*CLAIM093*1*675*472*203*MC*0987650093*11*1~
NM1*QC*1*JOHNSON*ALEX****MI*100000093~
DTM*232*20231210~
SVC*HC:12032*337*202~
CAS*CO*45*135~
DTM*472*20231210~
SVC*HC:99213*347*242~
CAS*CO*97*105~
DTM*472*20231211~
CLP*CLAIM094*1*750*562*188*MC*0987650094*11*1~
NM1*QC*1*LEE*MAYA****MI*100000094~
DTM*232*20231211~
SVC*HC:99213*375*262~
CAS*CO*97*113~
DTM*472*20231211~
SVC*HC:11402*385*308~
CAS*CO*16*77~
DTM*472*20231212~
CLP*CLAIM095*1*825*453*372*MC*0987650095*11*1~
NM1*QC*1*PATEL*NOAH****MI*100000095~
DTM*232*20231212~
SVC*HC:11402*412*329~
CAS*CO*16*83~
DTM*472*20231212~
SVC*HC:88305*422*211~
CAS*PR*1*201~
DTM*472*20231213~
CLP*CLAIM096*1*800*480*320*MC*0987650096*11*1~
NM1*QC*1*BROWN*EMMA****MI*100000096~
DTM*232*20231213~
SVC*HC:88305*400*200~
CAS*PR*1*190~
DTM*472*20231213~
SVC*HC:11102*410*246~
CAS*CO*45*164~
DTM*472*20231214~
CLP*CLAIM097*1*875*568*307*MC*0987650097*11*1~
NM1*QC*1*DAVIS*LIAM****MI*100000097~
DTM*232*20231214~
SVC*HC:11102*437*262~
CAS*CO*45*175~
DTM*472*20231214~
SVC*HC:17000*447*312~
CAS*CO*97*135~
DTM*472*20231215~
CLP*CLAIM098*1*950*665*285*MC*0987650098*11*1~
NM1*QC*1*MARTIN*OLIVIA****MI*100000098~
DTM*232*20231215~
SVC*HC:17000*475*332~
CAS*CO*97*143~
DTM*472*20231215~
SVC*HC:17110*485*388~
CAS*CO*16*97~
DTM*472*20231216~
CLP*CLAIM099*1*575*431*144*MC*0987650099*11*1~
NM1*QC*1*WILSON*ETHAN****MI*100000099~
DTM*232*20231216~
SVC*HC:17110*287*229~
CAS*CO*16*58~
DTM*472*20231216~
SVC*HC:17311*297*148~
CAS*PR*1*139~
DTM*472*20231217~
CLP*CLAIM100*1*550*302*248*MC*0987650100*11*1~
NM1*QC*1*THOMAS*AVA****MI*100000100~
DTM*232*20231217~
SVC*HC:17311*275*137~
CAS*PR*1*128~
DTM*472*20231217~
SVC*HC:12032*285*171~
CAS*CO*45*114~
DTM*472*20231218~
SE*908*0001~
GE*1*1~
IEA*1*000000905~